<?xml version="1.0" encoding="UTF-8"?><collection xmlns="http://www.loc.gov/MARC21/slim"><record><leader>00781nam--2200193-u-4500</leader><controlfield tag="001">000056172</controlfield><controlfield tag="002">20161230</controlfield><controlfield tag="005">20170208160316</controlfield><controlfield tag="008">150108s1000------------r-----000-0-eng-d</controlfield><datafield ind1=" " ind2=" " tag="040"><subfield code="a">IFIN-HH</subfield></datafield><datafield ind1=" " ind2=" " tag="080"><subfield code="a">539.12.17(061.3)</subfield></datafield><datafield ind1="1" ind2=" " tag="110"><subfield code="a">Societa Italiana Di Fisica</subfield></datafield><datafield ind1="1" ind2="0" tag="245"><subfield code="a">Redinconti della scuola internationale di fisica Enrico Fermi. Corso LXXXI: Teoria delle interazioni fondamentali. Theory of fundamental interactions. Varenna sul Lago di Como Villa Monastero 21 luglio - 2 agosto 1980</subfield><subfield code="c">G. Costa, R.R. Gatto</subfield></datafield><datafield ind1=" " ind2=" " tag="260"><subfield code="a">Amsterdam</subfield><subfield code="b">North-Holland Publishing Company</subfield><subfield code="c">1982</subfield></datafield><datafield ind1=" " ind2=" " tag="300"><subfield code="a">VII+299 p</subfield></datafield><datafield ind1=" " ind2=" " tag="490"><subfield code="a">Proceedings Of The International School Of Physics Enrico Fermi Course LXXXI</subfield></datafield><datafield ind1="1" ind2=" " tag="700"><subfield code="a">Gatto, R. R</subfield></datafield><datafield ind1=" " ind2=" " tag="852"><subfield code="a">1874</subfield><subfield code="c">53</subfield></datafield><datafield ind1=" " ind2=" " tag="CAT"><subfield code="a">SYS</subfield><subfield code="c">20170208</subfield><subfield code="h">160316</subfield></datafield></record></collection>